@Article{Shannon1948,
  Title                    = {A mathematical theory of communication},
  Author                   = {Shannon, Claude Elwood},
  Journal                  = {Bell system technical journal},
  Year                     = {1948},
  Number                   = {3},
  Pages                    = {379--423},
  Volume                   = {27},
  doi = {10.1002/j.1538-7305.1948.tb01338.x},
  Publisher                = {Wiley Online Library}
}
